@ONLINE{polymer_project,
  author = {Google},
  title = {Polymer project},
  url = {https://www.polymer-project.org/}
}

@ONLINE{cms_def,
  author = {AIIM},
  title = {What is Web CMS},
  url = {http://www.aiim.org/What-is-Web-CMS-WCM-System-Content-Management}
}

@ONLINE{cms_over,
  author = {Wikipedia},
  title = {Content Management System},
  url = {https://en.wikipedia.org/wiki/Content_management_system}
}

@ONLINE{cms_stats,
  author = {W3Techs},
  title = {Usage Statistics and Market Share of Content Management System for Websites},
  url = {http://w3techs.com/technologies/overview/content_management/all}
}

@ONLINE{cms_joomla_over,
  author = {Wikipedia},
  title = {Joomla!},
  url = {https://en.wikipedia.org/wiki/Joomla}
}

@ONLINE{cms_joomla_mvc,
  author = {Joomla!},
  title = {Introduction for developing a Model-View-Controller Joomla 1.5 Component},
  url = {docs.joomla.org/Developing_a_Model-View-Controller_Component/1.5/Introduction}
}

@ONLINE{cms_joomla_2.5,
  author = {Joomla! Community},
  title = {New Features in Joomla! 2.5},
  url = { community.joomla.org/blogs/community/1533-new-features-in-joomla-25.html}
}

@ONLINE{cms_joomla_stats,
  author = {marketwired.com},
  title = {Joomla! CMS Passes 50 Million Downloads},
  url = {www.marketwired.com/press-release/joomla-cms-passes-50-million-downloads-1882565.html}
}

@ONLINE{cms_wp_over,
  author = {Wikipedia},
  title = {WordPress},
  url = {https://en.wikipedia.org/wiki/WordPress}
}

@ONLINE{cms_wp_stats,
  author = {trends.com},
  title = {cms trends},
  url = {http://trends.builtwith.com/cms}
}

@ONLINE{cms_wp,
  author = {WordPress Foundation},
  title = {WordPress.org},
  url = {http://wordpress.org}
}

@ONLINE{cms_ksjs,
  author = {KeystoneJS},
  title = {KeystoneJS Overview},
  url = {http://keystonejs.com}
}

@ONLINE{cms_ksjs_rev,
  author = {Paul Suda},
  title = {A review of Node JS content management system},
  url = {http://waitingfortheelevator.com/a-review-of-node-js-content-management-systems/}
}

@ONLINE{cms_ksjs_comparison,
  author = {Joel Barna},
  title = {Content Management Systems: Comparison of Tools},
  url = {http://itcourses.cs.unh.edu/assets/docs/704/reports/fall14/Comparison%20of%20Keystone.js,%20Cody%20CMS,%20and%20Ghost%20-%20Joel%20Barna.pdf}
}




@book{javascript_the_good_parts,
   author =    {Douglas Crockford},
   title =     {Javascript: The good parts},
   publisher = {O'Reilly Media, Inc.},
   year =      {2008}
}


@INPROCEEDINGS{limits_of_vp,
author={Nickerson, J.V.},
booktitle={Visual Languages, 1994. Proceedings., IEEE Symposium on}, title={Visual programming: limits of graphic representation},
year={1994},
month=oct,
volume={},
number={},
pages={178 -179},
keywords={ computer science measure; data density; diagram class complexity; graphic design measure; graphic representation; graphic token count; software metrics; token density; visual programming; computational complexity; software metrics; visual languages; visual programming;},
doi={10.1109/VL.1994.363624},
ISSN={},}

@proceedings{DBLP:conf/gg/1982,
  editor    = {Hartmut Ehrig and
               Manfred Nagl and
               Grzegorz Rozenberg},
  title     = {Graph-Grammars and Their Application to Computer Science,
               2nd International Workshop, Haus Ohrbeck [near Osnabr{\"u}ck],
               Germany, October 4-8, 1982},
  booktitle = {Graph-Grammars and Their Application to Computer Science},
  publisher = {Springer},
  series    = {Lecture Notes in Computer Science},
  volume    = {153},
  year      = {1983},
  isbn      = {3-540-12310-5},
  bibsource = {DBLP, http://dblp.uni-trier.de}
}

@article{DBLP:journals/jcss/Pratt71,
  author    = {Terrence W. Pratt},
  title     = {Pair Grammars, Graph Languages and String-to-Graph Translations},
  journal   = {J. Comput. Syst. Sci.},
  volume    = {5},
  number    = {6},
  year      = {1971},
  pages     = {560-595},
  bibsource = {DBLP, http://dblp.uni-trier.de}
}

@THESIS{nickerson:phd_thesis,
  author      = {Jeffrey Vernon Nickerson},
  title       = {VISUAL PROGRAMMING},
  type        = {Ph.D. Thesis},
  institution = {NEW YORK UNIVERSITY},
  year        = {1994}
}

@THESIS{barna:course_thesis,
  author      = {Joel Barna},
  title       = {Content Management Systems: Comparison of Tools},
  type        = {Thesis},
  institution = {University of New Hampshire},
  year        = {2014}
}