%% This BibTeX bibliography file was created using BibDesk.
%% http://bibdesk.sourceforge.net/


%% Created for Enrico at 2011-02-05 19:42:47 +0100


%% Saved with string encoding Unicode (UTF-8)


%% ATONLINE{Doe:2009:Online,
%%  author = {Doe, Ringo},
%%  title = {This is a test entry of type {ONLINE}},
%%  month = jun,
%%  year = {2009},
%%  url = {http://www.test.org/doe/}
%%}

@ONLINE{polymer,
  author = {Google},
  title = {Javascript},
  url = {https://www.polymer-project.org/1.0/}
}

@ONLINE{browser:statistiche,
  author = {W3Counter},
  title = {W3Counter, Internet Statistics},
  year = {2011},
  url = {http://www.w3counter.com}
}

@book{javascript_good_parts,
   author =    {Douglas Crockford},
   title =     {Javascript: The good parts},
   publisher = {O'Reilly Media, Inc.},
   year =      {2008}
}


@INPROCEEDINGS{limits_of_pv,
author={Nickerson, J.V.},
booktitle={Visual Languages, 1994. Proceedings., IEEE Symposium on}, title={Visual programming: limits of graphic representation},
year={1994},
month=oct,
volume={},
number={},
pages={178 -179},
keywords={ computer science measure; data density; diagram class complexity; graphic design measure; graphic representation; graphic token count; software metrics; token density; visual programming; computational complexity; software metrics; visual languages; visual programming;},
doi={10.1109/VL.1994.363624},
ISSN={},}


@proceedings{DBLP:conf/gg/1982,
  editor    = {Hartmut Ehrig and
               Manfred Nagl and
               Grzegorz Rozenberg},
  title     = {Graph-Grammars and Their Application to Computer Science,
               2nd International Workshop, Haus Ohrbeck [near Osnabr{\"u}ck],
               Germany, October 4-8, 1982},
  booktitle = {Graph-Grammars and Their Application to Computer Science},
  publisher = {Springer},
  series    = {Lecture Notes in Computer Science},
  volume    = {153},
  year      = {1983},
  isbn      = {3-540-12310-5},
  bibsource = {DBLP, http://dblp.uni-trier.de}
}

@article{DBLP:journals/jcss/Pratt71,
  author    = {Terrence W. Pratt},
  title     = {Pair Grammars, Graph Languages and String-to-Graph Translations},
  journal   = {J. Comput. Syst. Sci.},
  volume    = {5},
  number    = {6},
  year      = {1971},
  pages     = {560-595},
  bibsource = {DBLP, http://dblp.uni-trier.de}
}

@THESIS{nickerson:phd_tesi,
  author      = {Jeffrey Vernon Nickerson},
  title       = {VISUAL PROGRAMMING },
  type        = {Ph.D. Thesis},
  institution = {NEW YORK UNIVERSITY},
  year        = {1994}
}
s